@misc{Analytically_Differentiable_Dynamics,
  title = {Analytically Differentiable Dynamics for Multi-Body Systems with Frictional Contact},
  howpublished = {\url{https://www.youtube.com/watch?v=RyOb2WhPnRc&t=273s}},
  note = {Accessed 10 Sept. 2024},
  year = {2024}
}

@misc{Andrews2021,
  author = {Sheldon Andrews},
  title = {Coupling Friction with Visual Appearance},
  howpublished = {\url{http://profs.etsmtl.ca/sandrews/publication/texturefriction_sca2021/}},
  note = {Accessed 10 Aug. 2021},
  year = {2021}
}

@article{Chen2013,
  author = {Zhili Chen and others},
  title = {Modeling Friction and Air Effects between Cloth and Deformable Bodies},
  journal = {ACM Transactions on Graphics (ACM Trans. Graph.)},
  volume = {32},
  number = {4},
  pages = {88:1--88:8},
  year = {2013},
  month = {July},
  doi = {10.1145/2461912.2461941}
}

@article{Chilamakuri1998,
  author = {S. K. Chilamakuri and B. Bhushan},
  title = {Contact Analysis of Non-Gaussian Random Surfaces},
  journal = {Proceedings of the Institution of Mechanical Engineers, Part J: Journal of Engineering Tribology},
  volume = {212},
  number = {1},
  pages = {19--32},
  year = {1998},
  month = {Jan.},
  doi = {10.1243/1350650981541868}
}

@misc{C_IPC_2024a,
  title = {C-IPC},
  howpublished = {\url{https://ipc-sim.github.io/C-IPC/}},
  note = {Accessed 10 Sept. 2024},
  year = {2024}
}

@misc{C_IPC_2024b,
  title = {C-IPC},
  howpublished = {\url{https://ipc-sim.github.io/C-IPC/}},
  note = {Accessed 16 Sept. 2024},
  year = {2024}
}

@misc{SIGGRAPH_Course,
  author = {Sheldon Andrews and Kenny Erleben},
  title = {SIGGRAPH'22 Course: Contact and Friction Simulation for Computer Graphics},
  howpublished = {\url{https://siggraphcontact.github.io/}},
  note = {Accessed 10 Sept. 2024},
  year = {2024}
}

@article{Fang2024,
  author = {Yu Fang and others},
  title = {Augmented Incremental Potential Contact for Sticky Interactions},
  journal = {IEEE Transactions on Visualization and Computer Graphics},
  volume = {30},
  number = {8},
  pages = {5596--5608},
  year = {2024},
  month = {Aug.},
  doi = {10.1109/TVCG.2023.3295656}
}

@misc{Fast_GPU_Based_Handling,
  title = {Fast GPU-Based Two-Way Continuous Collision Handling},
  howpublished = {\url{https://www.youtube.com/watch?v=6T52DU2iFu0}},
  note = {Accessed 10 Sept. 2024},
  year = {2024}
}

@misc{High_Order_IPC,
  title = {High-Order IPC},
  howpublished = {\url{https://zferg.us/research/high-order-ipc/}},
  note = {Accessed 16 Sept. 2024},
  year = {2024}
}

@misc{Texture_Friction_SCA21_preprint,
  title = {Coupling Friction with Visual Appearance},
  howpublished = {\url{https://profs.etsmtl.ca/sandrews/pdf/TextureFriction_SCA21_preprint.pdf}},
  year = {2021}
}

@misc{Baraff_Paper_SIG91,
  title = {Dynamic Simulation of Non-penetrating Rigid Bodies},
  howpublished = {\url{https://www.cs.cmu.edu/~baraff/papers/sig91.pdf}},
  year = {1991}
}

@article{Huang2024,
  author = {Kemeng Huang and others},
  title = {GIPC: Fast and Stable Gauss-Newton Optimization of IPC Barrier Energy},
  journal = {ACM Transactions on Graphics (ACM Trans. Graph.)},
  volume = {43},
  number = {2},
  pages = {23:1--23:18},
  year = {2024},
  month = {Mar.},
  doi = {10.1145/3643028}
}

@misc{Huang2024_arxiv,
  author = {Zizhou Huang and others},
  title = {Orientation-Aware Incremental Potential Contact},
  howpublished = {arXiv:2402.00719},
  year = {2024},
  month = {Feb.},
  doi = {10.48550/arXiv.2402.00719}
}

@misc{IDP,
  title = {IDP},
  howpublished = {\url{https://ipc-sim.github.io/IDP/}},
  note = {Accessed 16 Sept. 2024},
  year = {2024}
}

@misc{Imagineering_Friction,
  title = {Imagineering Friction},
  howpublished = {\url{https://www.youtube.com/watch?v=da4twfx4d14}},
  note = {Accessed 10 Sept. 2024},
  year = {2024}
}

@misc{Implicit_Frictional_Dynamics,
  title = {Implicit Frictional Dynamics with Soft Constraints Â· Egor Larionov},
  howpublished = {\url{https://elrnv.com/projects/implicit-frictional-dynamics/}},
  note = {Accessed 15 Sept. 2024},
  year = {2024}
}

@misc{IPC,
  title = {IPC},
  howpublished = {\url{https://ipc-sim.github.io/}},
  note = {Accessed 16 Sept. 2024},
  year = {2024}
}

@article{Peiret2019,
  author = {Albert Peiret and others},
  title = {Schur Complement-Based Substructuring of Stiff Multibody Systems with Contact},
  journal = {ACM Transactions on Graphics (ACM Trans. Graph.)},
  volume = {38},
  number = {5},
  pages = {150:1--150:17},
  year = {2019},
  month = {Oct.},
  doi = {10.1145/3355621}
}

@misc{Perlin_Noise,
  title = {Perlin Noise: A Procedural Generation Algorithm},
  howpublished = {\url{https://rtouti.github.io/graphics/perlin-noise-algorithm}},
  note = {Accessed 7 Oct. 2024},
  year = {2024}
}

@article{Regolin2017,
  author = {Enrico Regolin and Antonella Ferrara},
  title = {SVM Classification and Kalman Filter Based Estimation of the Tire-Road Friction Curve},
  journal = {IFAC-PapersOnLine},
  volume = {50},
  number = {1},
  pages = {3382--3387},
  year = {2017},
  month = {July},
  doi = {10.1016/j.ifacol.2017.08.589}
}

@misc{Rigid_IPC,
  title = {Rigid-IPC},
  howpublished = {\url{https://ipc-sim.github.io/rigid-ipc/}},
  note = {Accessed 16 Sept. 2024},
  year = {2024}
}

@misc{SIGGRAPH2020_IPC,
  title = {[SIGGRAPH 2020] Incremental Potential Contact (IPC)},
  howpublished = {\url{https://www.youtube.com/watch?v=y96jk-eUCgI}},
  note = {Accessed 10 Sept. 2024},
  year = {2024}
}
